1860 3152
331 214 557 248 MODERN
582 212 896 245 LANGUAGES
921 213 1029 245 AND
1056 214 1287 247 TRAVEL.
1379 206 1474 249 189

162 311 243 359 He
266 311 365 358 will
387 312 504 358 have
526 309 718 358 learned
740 310 844 358 that
867 310 1000 358 there
1024 310 1063 357 is
1088 327 1149 357 an
1172 327 1280 376 easy
1302 312 1475 359 transi-

157 391 258 440 tion
281 392 400 439 from
424 392 506 439 the
528 390 759 454 language
783 390 836 437 of
855 390 1044 437 ancient
1064 390 1216 437 Rome
1233 400 1282 438 to
1301 391 1404 439 that
1427 392 1480 438 of

159 577 251 604 mea
282 564 454 604 malacia
495 570 585 604 erat
621 564 714 617 plus
769 564 876 603 seria
929 576 1053 615 quam
1085 564 1269 604 homines
1300 577 1352 603 ne
1382 578 1478 617 pen-

167 639 236 666 ma
273 626 447 666 maladie
479 626 581 666 e‘tait
612 626 705 678 plus
732 626 912 666 se‘rieuse
1038 627 1164 678 qu'on
1298 639 1350 665 ne
1381 640 1476 679 pen-

161 696 320 745 sabant,
332 701 374 735 et
388 695 498 748 quod
513 696 734 736 secundum
765 701 853 735 tota
876 696 947 735 illa
974 696 1214 748 apparentia

193 758 286 806 sait‚
325 763 368 797 et
404 771 484 810 que
556 757 669 798 selon
732 763 868 797 toutes
881 757 940 797 les
959 771 1206 811 apparences
1211 760 1255 812 je
1266 758 1478 812 garderais

157 827 325 881 longum
339 835 500 882 tempus
515 828 627 868 illam
641 841 858 868 cameram.
913 828 990 867 Ille
1015 828 1172 880 doctus,
1197 828 1414 881 impatiens
1428 828 1477 868 de

199 889 298 944 long
349 896 482 944 temps
534 890 575 930 la
646 890 852 930 chambre.
917 889 976 929 Le
1002 890 1184 941 docteur,
1199 891 1414 943 impatient
1427 890 1477 929 de

157 973 200 1000 se
234 961 402 1001 reddere
437 961 490 1000 ad
525 974 641 1000 suam
676 960 925 1010 cathedram,
961 973 1015 999 ne
1045 960 1247 1013 judicavit
1280 967 1478 1014 punctum

157 1036 199 1062 se
244 1024 392 1063 rendre
453 1023 477 1063 a
560 1036 606 1062 sa
687 1022 921 1062 cathedrale
966 1035 1018 1061 ne
1082 1024 1210 1075 jugea
1317 1023 1434 1075 point

156 1094 210 1134 ad
233 1095 486 1147 propositum
514 1094 564 1133 de
591 1093 802 1133 retardare
830 1106 949 1132 suum
976 1098 1155 1145 partum.
1209 1092 1286 1132 Ille
1312 1093 1478 1134 amabat

219 1155 413 1208 a·propos
510 1155 561 1194 de
604 1155 790 1194 retarder
844 1167 918 1193 son
982 1153 1143 1206 depart.
1237 1154 1276 1193 Il
1330 1155 1438 1194 aima

158 1225 305 1264 melius
337 1225 535 1278 prendere
562 1238 691 1264 unum
722 1224 896 1263 alterum
1110 1237 1186 1276 pro
1221 1224 1283 1262 illi
1313 1225 1475 1263 servire.

158 1287 299 1327 mieux
348 1288 524 1340 prendre
594 1300 652 1326 un
736 1291 853 1326 autre
904 1298 1058 1339 garqon
1091 1298 1196 1338 pour
1235 1285 1274 1324 16
1319 1287 1463 1326 servir.

154 1356 231 1396 Ille
247 1370 289 1396 se
304 1358 506 1396 continuit
520 1357 569 1396 de
585 1356 914 1410 m'awavdonare
942 1356 996 1395 ad
1024 1355 1158 1395 sinum
1175 1355 1225 1395 de
1242 1369 1325 1396 una

173 1417 213 1458 Π
244 1431 287 1457 se
313 1424 503 1458 contenta
522 1418 571 1457 de
589 1417 908 1457 m'abandonner
926 1430 1010 1456 aux
1028 1417 1137 1457 soins
1182 1417 1305 1457 d'une
1326 1419 1475 1472 garde,

156 1488 209 1528 ad
240 1488 403 1541 qualem
435 1488 504 1527 ille
526 1487 697 1527 lassavit
717 1501 843 1526 unam
868 1499 1068 1527 summam
1089 1487 1139 1526 de
1167 1494 1353 1541 argento,
1384 1502 1460 1541 pro

170 1550 195 1589 a
234 1550 408 1603 laquelle
453 1549 485 1588 il
554 1549 678 1589 laissa
740 1562 820 1588 une
893 1561 1044 1589 somme
1119 1549 1324 1602 d'argent,
1370 1563 1475 1603 pour

156 1634 221 1660 me
240 1621 283 1660 in
302 1626 456 1660 terram
517 1619 553 1658 si
585 1632 782 1670 morerer,
835 1625 908 1659 aut
939 1632 1014 1671 pro
1045 1632 1354 1672 recumpensare
1386 1633 1477 1660 mea

189 1683 431 1721 m'enterrer
485 1681 519 1720 si
533 1681 577 1734 je
595 1681 811 1731 mom-rais,
840 1693 893 1719 ou
919 1693 1025 1732 pour
1058 1681 1340 1734 recompenser
1386 1695 1474 1722 mes

158 1752 325 1792 servitia
359 1751 394 1790 si
411 1749 639 1789 revenirem
666 1749 716 1788 de
734 1762 827 1788 mea
844 1749 1030 1790 malacia.

158 1814 332 1854 services
358 1813 391 1852 si
400 1814 444 1866 je
458 1812 644 1851 revenais
662 1812 712 1851 de
743 1825 812 1851 ma
842 1812 1032 1853 maladie.

213 1883 268 1923 So
281 1883 403 1923 much
417 1882 482 1922 for
500 1882 569 1922 the
588 1882 747 1934 affinity
766 1882 951 1922 between
968 1883 1039 1923 the
1058 1883 1182 1923 Latin
1200 1875 1281 1924 and
1297 1884 1475 1925 French.

154 1945 296 1985 ,Allow
313 1958 378 1984 me
394 1950 496 1983 next
512 1950 555 1984 to
575 1957 750 1997 arrange
770 1944 970 1997 similarly
991 1958 1016 1984 a
1034 1946 1247 1997 quotation
1260 1946 1366 1986 from
1381 1947 1478 1987 Don

158 2007 344 2061 Eugenio
368 2006 418 2045 de
440 2005 613 2047 Ochoa's
637 2005 912 2059 compilation,
937 2006 1068 2046 called
1095 2007 1226 2046 Tesora
1249 2009 1310 2046 del
1340 2008 1473 2047 Teatro

152 2068 388 2120 Εεραῆοίε-

209 2139 358 2179 Paucae
382 2150 566 2191 personae
590 2151 665 2191 pro
683 2151 814 2191 pauco
836 2138 946 2190 quod
968 2151 1010 2178 se
1028 2139 1182 2179 habent
1199 2139 1405 2181 dedicatos
1423 2141 1477 2180 ad

220 2201 351 2246 Pocas
371 2213 565 2253 personas
582 2213 658 2252 por
692 2213 794 2253 poco
842 2213 923 2253 que
964 2214 1006 2240 se
1035 2201 1175 2254 hayan
1203 2202 1397 2243 dedicado
1424 2202 1478 2241 ad

155 2270 311 2311 cultum
341 2270 392 2310 de
423 2270 504 2309 illae
545 2269 662 2309 bellae
699 2270 846 2320 literae,
878 2271 1072 2323 ignorant
1105 2272 1228 2311 istam
1262 2272 1475 2312 veritatem

157 2332 308 2372 cultivo
340 2331 389 2371 de
432 2331 494 2370 las
536 2331 665 2371 bellas
699 2331 838 2383 letras,
883 2333 1059 2386 ignoran
1115 2339 1205 2373 esta
1286 2333 1440 2373 verdad

158 2402 359 2441 trivialem
383 2407 425 2441 et
449 2407 586 2441 tantas
613 2401 721 2440 vices
747 2401 978 2453 repetitam,
1003 2402 1115 2455 quod
1139 2402 1241 2442 illud
1266 2403 1473 2442 theatrum

194 2463 331 2502 trivial
387 2476 417 2516 y
449 2469 586 2503 tantas
614 2476 728 2502 veces
767 2463 965 2516 repetida,
1018 2477 1098 2516 que
1164 2464 1203 2503 el
1300 2470 1433 2504 teatro

159 2532 368 2586 Hispaniae
393 2540 455 2575 est
479 2548 504 2574 a
527 2547 625 2574 casu
649 2533 751 2573 illud
774 2534 906 2586 magis
1052 2534 1161 2586 quod
1188 2534 1366 2587 possedit
1393 2547 1475 2574 non

175 2593 355 2646 Espafiol
397 2609 441 2636 es
478 2609 504 2635 a
530 2609 624 2636 caso
677 2595 716 2634 el
788 2608 877 2634 mas
919 2596 1006 2635 rico
1061 2608 1140 2647 que
1212 2608 1332 2647 posee

177 2663 315 2715 aliqua
344 2678 426 2706 una
456 2666 582 2706 natio.
635 2665 766 2704 Porro
926 2665 1131 2705 theatrum
1156 2665 1366 2717 Hispaniae
1388 2671 1473 2704 tam

156 2725 333 2765 ninouna
437 2726 598 2768 nacion.
645 2726 752 2766 Pero
795 2738 862 2765 ese
959 2731 1092 2766 teatro
1173 2725 1354 2778 Espaiiol
1399 2732 1472 2765 tan
